<record><leader>00000cas a22000007a 4500</leader><controlfield tag="001">10519512</controlfield><controlfield tag="008">840314d1870188uoruwr ne      0    0eng d</controlfield><datafield ind1=" " ind2=" " tag="010"><subfield code="a">sn 84022647 </subfield></datafield><datafield ind1=" " ind2=" " tag="040"><subfield code="a">NPX</subfield><subfield code="b">eng</subfield><subfield code="c">NPX</subfield><subfield code="d">NPU</subfield><subfield code="d">DLC</subfield><subfield code="d">CNK</subfield><subfield code="d">OCN</subfield><subfield code="d">OCLCQ</subfield><subfield code="d">OCLCF</subfield><subfield code="d">OCLCO</subfield></datafield><datafield ind1=" " ind2=" " tag="042"><subfield code="a">msc</subfield></datafield><datafield ind1=" " ind2=" " tag="043"><subfield code="a">n-us-or</subfield></datafield><datafield ind1="0" ind2="0" tag="050"><subfield code="a">Newspaper 9354-X</subfield></datafield><datafield ind1="0" ind2="0" tag="245"><subfield code="a">Bedrock democrat.</subfield></datafield><datafield ind1=" " ind2=" " tag="260"><subfield code="a">Baker City, Baker County, Or. :</subfield><subfield code="b">Abbot &amp; M'arteur</subfield></datafield><datafield ind1=" " ind2=" " tag="300"><subfield code="a">v. ;</subfield><subfield code="c">52-61 cm.</subfield></datafield><datafield ind1=" " ind2=" " tag="310"><subfield code="a">Weekly</subfield></datafield><datafield ind1="1" ind2=" " tag="362"><subfield code="a">Began with May 11, 1870 issue.</subfield><subfield code="z">Cf. Turnbull, G.S. Hist. of Or. newspapers.</subfield></datafield><datafield ind1=" " ind2=" " tag="500"><subfield code="a">Preceded by an undated prospectus. Cf. Belknap, G.N. Or. imprints, 1845-1870.</subfield></datafield><datafield ind1=" " ind2=" " tag="500"><subfield code="a">Publishers: M.H. Abbott &amp; L.L. McArthur, 1870; M.H. Abbott, 1870-1872; J.M. Shepherd, 1872-1875; J.M. Shepherd &amp; Co., 1875-1880; Bedrock Publishing Co., 1880-</subfield></datafield><datafield ind1=" " ind2=" " tag="500"><subfield code="a">"Democratic."</subfield></datafield><datafield ind1=" " ind2=" " tag="500"><subfield code="a">Editiors: M.H. Abbott, 1870-1872; J.M. Shepherd, 1872-&lt;1876&gt;.</subfield></datafield><datafield ind1=" " ind2=" " tag="580"><subfield code="a">Daily eds.: Morning Democrat; Baker Democrat.</subfield></datafield><datafield ind1=" " ind2=" " tag="588"><subfield code="a">Description based on: Vol. 1, no. 2 (May 18, 1870).</subfield></datafield><datafield ind1=" " ind2=" " tag="588"><subfield code="a">Latest issue consulted: Vol. 14, no. 41 (Feb. 27, 1884).</subfield></datafield><datafield ind1=" " ind2="0" tag="651"><subfield code="a">Baker City (Or.)</subfield><subfield code="v">Newspapers.</subfield></datafield><datafield ind1=" " ind2="7" tag="655"><subfield code="a">Newspapers.</subfield><subfield code="2">fast</subfield><subfield code="0">(OCoLC)fst01423814</subfield></datafield><datafield ind1=" " ind2="7" tag="651"><subfield code="a">Oregon</subfield><subfield code="z">Baker City.</subfield><subfield code="2">fast</subfield><subfield code="0">(OCoLC)fst01226322</subfield></datafield><datafield ind1="1" ind2=" " tag="700"><subfield code="a">Abbott, M. H.</subfield></datafield><datafield ind1="1" ind2=" " tag="700"><subfield code="a">Shepherd, Jesse M.</subfield></datafield><datafield ind1=" " ind2=" " tag="752"><subfield code="a">United States</subfield><subfield code="b">Oregon</subfield><subfield code="c">Baker</subfield><subfield code="d">Baker City.</subfield></datafield><datafield ind1="1" ind2=" " tag="775"><subfield code="t">Morning Democrat</subfield></datafield><datafield ind1="1" ind2=" " tag="775"><subfield code="t">Baker Democrat</subfield></datafield><datafield ind1="0" ind2="0" tag="785"><subfield code="t">Weekly bedrock democrat</subfield><subfield code="w">(DLC)sn 85042363</subfield></datafield></record>